5250 6100
858 858 927 963 34
1067 859 1332 932 aaunaot
1361 864 1627 940 uanam·
1658 861 1896 936 oaurroa

730 1103 736 1112 '
856 1131 1004 1225 nova,
1049 1099 1384 1234 polyporum
1369 1138 1413 1202 n
1419 1103 1534 1227 star,
1585 1107 1804 1203 continuo
1841 1132 2110 1206 recrescunt

857 1295 1079 1396 corpora,
1129 1259 1241 1360 dum
1275 1297 1421 1363 mater
1459 1263 1599 1364 illaesa
1638 1297 1689 1363 ac
1728 1297 1895 1400 vegeta
1925 1293 2108 1366 maneat

807 1421 1096 1556 'superstet
1207 1449 1211 1456 ·

922 1581 1023 1683 Hic
1048 1617 1227 1710 autem,
1264 1589 1343 1720 qui
1367 1587 1413 1682 in
1434 1577 1586 1682 solidis
1623 1591 1903 1722 percipitur,
1936 1578 2112 1724 agenni
2215 1657 2221 1666 .

856 1741 1047 1865 modus,
1083 1745 1207 1842 haud
1247 1781 1350 1846 raro
1382 1779 1474 1880 ptr·
1499 1744 1645 1844 causas
1672 1745 1913 1846 nrotbosas
1942 1749 2115 1846 aliasve
2150 1781 2157 1791 ·

857 1904 1063 2038 corporis
1093 1909 1305 2038 organici
1322 1899 1598 2024 ‚affefiiiones
1627 1937 1653 2002 a
1680 1905 1898 2006 consueto
1926 1909 2112 2004 tramite
2256 2015 2259 2022 ¹

709 2173 713 2181 ‚
857 2056 1126 2184 deducitur,
1162 2061 1278 2162 adeo
1310 2093 1362 2187 ut
1404 2061 1478 2160 vd
1514 2062 1657 2196 longe
1688 2063 1783 2185 alii,
1821 2097 1872 2162 ac
1910 2063 2113 2185 soleant,

857 2217 1073 2320 humores
1105 2218 1513 2354 producanturvel
1539 2253 1633 2320 tota
1657 2217 1889 2320 firmatum
1914 2227 2116 2355 patrium

715 2483 721 2488 ,
856 2379 1225 2478 mutataindoles
1253 2413 1467 2513 appareat
1501 2415 1548 2478 et
1573 2385 1773 2516 reliquus
1801 2389 1953 2478 omnis
1980 2411 2114 2513 orga-

804 2519 813 2528 ’
858 2567 1026 2636 norum
1046 2533 1226 2637 habitus
1248 2530 1475 2674 aproprra
1501 2545 1549 2642 in
1575 2541 1704 2642 aliam
1730 2540 1927 2640 formam
1958 2535 2120 2638 detor·
2175 2581 2180 2588 ·

858 2723 930 2792 tus
956 2693 1249 2830 inverstuque
1280 2706 1543 2832 reperiatur

863 2851 1006 2952 Sic
1041 2853 1219 2956 summa
1265 2855 1575 2961 admiratione
1612 2851 1979 2994 obstupefaffl'
1965 2867 2117 2958 tntu&-

859 3048 996 3137 mur,
1024 3012 1114 3144 ipsa
1132 3013 1414 3131 arborum}
1368 3058 1414 3147 p
1418 3054 1716 3152 amarumque
1733 3019 1866 3139 folia,
1891 3024 1990 3115 ovis
2012 3046 2112 3147 gra·

858 3170 965 3271 vida
991 3200 1142 3304 atque·
1147 3178 1471 3323 praegnantia,
1505 3176 1554 3271 in
1570 3168 1814 3283 tubercula
1832 3173 2118 3300 inctescere,

728 3402 734 3413 .
862 3310 1006 3464 eaque
1030 3358 1120 3423 nec
1147 3325 1305 3424 habitu
1332 3360 1551 3451 externo,
1588 3362 1678 3429 nec
1698 3326 1880 3454 indole,
1918 3368 2009 3435 nec
2045 3340 2111 3435 in

810 3554 819 3567 -
861 3493 1003 3587 ternis
1028 3468 1310 3585 factitamus
1332 3518 1437 3587 cum
1463 3486 1622 3589 sanis
1609 3498 1897 3627 tntegrisque
1925 3506 2108 3632 organis
2242 3514 2249 3521 “
2373 3568 2379 3581 ·

862 3641 1209 3795 quodammodo
1241 3644 1338 3745 esse
1366 3644 1690 3778 comparanda.
1779 3694 1784 3703 ·

930 3809 1091 3943 Quum
1117 3806 1294 3943 &upa
1324 3803 1442 3903 foliis
1476 3811 1686 3939 quemuis
1716 3808 1877 3913 vuinus
1898 3816 2112 3953 infligat>

863 3972 1108 4069 eminentia
1132 3993 1379 4066 nascuntur
1407 3963 1590 4093 tubera,
1629 4004 1746 4105 quae
1770 4004 1818 4074 et
1847 4012 1970 4079 certa
1997 3988 2108 4079 con·

861 4126 1089 4259 abantiquo
1108 4124 1253 4261 figura
1278 4158 1342 4228 et
1354 4133 1515 4231 ceteris
1524 4130 1777 4268 glandium
1786 4146 2114 4271 quercinatum

2027 4294 2118 4454 tior
