5250 6100
928 609 963 687 σ
1019 723 1024 732 ,

780 871 939 962 ·12'
1080 851 1907 958 artrtotvnotrtorrrin
2025 949 2032 960 .

938 1123 1013 1223 At
1032 1157 1171 1246 vero,
1192 1125 1224 1223 fi
1237 1129 1333 1259 jam
1362 1122 1587 1256 ejusmodi
1617 1098 1886 1255 argumenta
1915 1147 2118 1216 nostram
2219 1217 2222 1230 ,

870 1314 1082 1383 evertere
1098 1283 1283 1416 possent
1296 1284 1562 1382 sententiam
1574 1359 1592 1406 ‚
1607 1277 1667 1380 ad
1676 1311 1837 1380 omnes
1854 1279 2044 1413 reliquas
2055 1281 2121 1374 vi·

871 1472 970 1563 res,
988 1475 1105 1575 quae
1122 1439 1334 1542 dicuntur
1350 1441 1647 1565 universales,
1675 1448 1721 1540 in
1745 1437 1935 1542 dubium
1954 1471 2120 1536 vocan-

872 1597 951 1700 das
964 1600 1062 1700 satis
1075 1605 1301 1735 superque
1318 1601 1455 1702 restat
1471 1598 1734 1704 dicendum.
1765 1591 1956 1738 Organa
1968 1605 2093 1699 enim
2103 1674 2118 1723 ‚

873 1793 972 1860 toto
995 1795 1194 1895 corpore
1211 1768 1413 1887 intexta,
1442 1795 1534 1862 tam
1557 1763 1875 1864 incredibilem
1900 1757 2121 1860 artificioli

872 1919 1109 2056 divinique
1138 1927 1290 2054 operis
1313 1933 1409 2060 vim
1438 1917 1573 2058 atque
1598 1930 1854 2061 potentiam
1872 1949 2119 2040 testantur,

870 2110 924 2180 ut
945 2085 1136 2214 ingenio
1154 2081 1511 2212 promtissimus,
1541 2083 1714 2221 usuque
1735 2077 2121 2184 exercitatissrmus

790 2307 795 2314 ·
871 2268 1026 2352 rerunt
1043 2236 1281 2374 inquisitor
1295 2244 1472 2374 ingenii
1499 2243 1855 2344 imbecillitatem
1877 2269 2121 2378 agnoscat,

820 2531 827 2544 .
873 2432 964 2500 nec
993 2399 1123 2496 ullius
1148 2405 1418 2530 incorpore
1449 2399 1643 2502 abbonis
1670 2411 1836 2536 primas
1859 2403 1940 2498 fibi
1975 2396 2122 2496 causas

781 2611 786 2620 ·
874 2559 972 2658 esse
990 2561 1197 2692 cognitas
1226 2586 1384 2689 aperte
1414 2588 1553 2696 atque
1581 2564 1788 2695 ingenue
1818 2556 2122 2681 confiteatur,

876 2713 1180 2853 quamobrem
1207 2713 1402 2848 stngulas
1426 2719 1701 2856 fingularum
1738 2749 1891 2819 rerum
1921 2717 2131 2886 proprie·
2176 2837 2179 2844 Ι

875 2907 1022 2997 tates,
1060 2906 1196 3009 atque
1230 2873 1341 3014 inde
1376 2908 1503 2978 ortos
1533 2875 1900 3014 derivandosque
1929 2863 2125 2977 effecius
2167 2993 2176 3002 ⁵

721 3134 728 3141 .
876 3033 1124 3171 diligenter
1143 3032 1447 3160 observasse,
1484 3042 1570 3135 erit
1593 3068 1867 3156 contentus,
1903 3066 2040 3169 atque
2077 3037 2128 3135 in
2243 3136 2251 3151 ,

876 3202 931 3298 iis
956 3222 1164 3293 accurate
1196 3186 1487 3289 confideretis
1535 3190 1911 3324 investigatisque
1945 3196 2130 3325 acquie-

878 3356 1006 3455 scere
1021 3380 1313 3484 nequaquam
1323 3344 1586 3479 gravabitur
1596 3422 1614 3469 ,
1630 3344 1779 3481 probe
1799 3346 1881 3447 srbi
1893 3352 2100 3455 conscius
2106 3372 2129 3480 ,'

796 3489 799 3497 ⁵
881 3506 1051 3611 nullam
1076 3514 1130 3606 in·
1153 3504 1416 3641 quaerenda
1451 3512 1641 3607 veritate
1668 3505 1897 3647 superesse
1936 3510 2134 3615 difficul-

881 3700 1050 3792 tatem,
1086 3664 1121 3768 sr
1150 3699 1208 3764 ex
1234 3658 1367 3765 ce'rtis
1393 3662 1528 3769 caufis
1558 3662 1714 3763 firmae
1743 3697 1986 3772 nascantur
2015 3668 2127 3775 con-

886 3829 1137 3946 annones,
1187 3820 1396 3960 adeoque
1430 3829 1480 3923 in
1517 3826 1677 3924 nostrb
1712 3858 1984 3961 argumento
2016 3835 2128 3937 nihil

886 3988 1074 4121 amplius
1095 3982 1347 4121 postulari,
1398 4016 1532 4121 quam
1566 4014 1623 4085 ex
1661 3980 1763 4085 data
1795 3988 2128 4122 compositione

887 4152 1130 4287 orgmica,
1161 4144 1221 4249 ad
1248 4145 1614 4269 determinatos„
1638 4149 1717 4278 qui
1736 4143 1845 4249 inde
1866 4130 2128 4283 productur-

1443 4346 1448 4353 ·
1870 4438 1878 4453 ι
2014 4342 2124 4441 tur,
2205 4380 2217 4405 .
