5250 6100
748 819 1010 893 cessans
1057 822 1284 895 vuootu
1336 799 1571 898 onarro.
1637 809 1780 931 '13
1844 773 1848 779 Δ

540 1093 635 1183 tur,
657 1051 849 1162 effe6lus
869 1055 991 1160 haud
1014 1061 1170 1162 dubias
1194 1065 1410 1196 colligere
1432 1069 1782 1200 argumentatio

537 1253 637 1321 nes.
689 1217 817 1354 Quid
844 1222 1003 1320 enirn?
1038 1219 1193 1355 srquis
1225 1223 1394 1347 semel,
1430 1229 1594 1326 iterum
1620 1258 1672 1327 ac
1696 1225 1782 1327 sae·

536 1388 638 1516 pius
672 1413 865 1521 corpora
890 1413 948 1480 ex
982 1380 1114 1479 alto
1103 1414 1148 1478 m
1173 1413 1339 1479 terram
1368 1301 1647 1480 descendere
1677 1385 1781 1482 suis·
1904 1437 1912 1460 ι

537 1571 629 1675 que
653 1545 701 1640 in
731 1541 854 1676 lapsu
878 1539 1045 1640 declivi
1059 1539 1238 1675 legibus
1270 1541 1368 1640 esse
1392 1517 1794 1666 adstridta'oblerss
1840 1537 1846 1548 ’

410 1707 414 1713 ’
474 1715 477 1722 ‘
535 1708 737 1826 raverit,
756 1829 762 1842 ,
780 1707 844 1804 ‚iis
872 1709 1143 1837 gravitatem
1179 1699 1412 1834 tribuere,
1460 1733 1655 1836 eamque
1683 1707 1780 1800 vim

534 1891 803 1995 nuncupare
839 1853 1181 1985 universalem,
1205 1855 1419 1958 omnibus
1450 1861 1641 1956 omnino
1683 1889 1781 1954 cor-

533 2019 726 2153 poribus
754 2050 1091 2141 communem,
1138 2051 1201 2116 ne
1237 2020 1314 2116 vel
1345 2022 1562 2150 temporis
1590 2011 1779 2168 quidem

533 2175 765 2314 punstum
800 2160 1037 2278 dubitabit.
1086 2177 1280 2310 Quidni
1322 2211 1450 2310 ergo
1467 2180 1565 2320 pari
1602 2179 1778 2274 ratione

532 2337 826 2470 phyficorum
841 2346 972 2473 gnari
988 2371 1151 2471 parurn
1167 2337 1240 2437 sua
1256 2335 1471 2433 interesse
1490 2333 1778 2454 existiment,
1840 2349 1847 2358 '

532 2527 685 2594 utrum
720 2494 856 2593 fibras
881 2497 1200 2594 musculares
1184 2529 1235 2593 m
1263 2523 1541 2629 quocunque
1582 2520 1780 2624 corpore
1815 2583 1817 2587 ,

533 2657 754 2788 organico
795 2649 1079 2774 detexerint,
1116 2648 1380 2750 dummodo
1408 2650 1662 2750 oscillantes
1704 2647 1779 2746 ad

482 2821 485 2824 ’
533 2811 620 2912 fint
646 2842 798 2914 motus
822 2844 960 2950 atque
985 2816 1283 2949 agitationes,
1321 2781 1535 2943 suamque
1555 2802 1652 2904 'de
1641 2812 1776 2910 irrita

530 2957 728 3070 bilitare
728 3005 815 3105 pro
842 3003 970 3077 certo
1005 2968 1203 3072 audeant
1227 2969 1349 3069 ferre
1374 2963 1734 3069 sententiam.

601 3129 737 3258 Quae
755 3158 864 3224 curn
883 3135 946 3263 ita
964 3132 1072 3243 smt,
1089 3131 1147 3221 A
1162 3130 1230 3221 A.
1259 3128 1319 3220 H
1331 3126 1430 3240 H„
1452 3128 1588 3253 plane
1604 3128 1750 3259 liquet
1756 3146 1778 3251 ,'

382 3269 388 3334 5
475 3338 480 3345 ·
509 3286 623 3388 ⁴illas
647 3282 864 3383 duntaxat
891 3284 1125 3416 proretis
1157 3281 1385 3411 certisque
1413 3272 1651 3393 habendas
1677 3284 1776 3383 esse

533 3439 851 3562 definitiones,
887 3470 1004 3573 quae
1032 3469 1089 3539 ex
1123 3436 1226 3574 ipfis
1260 3436 1592 3573 phaenomenis
1620 3471 1777 3577 neque
1828 3558 1830 3565 ,

521 3634 593 3703 ex
632 3598 831 3701 crassrori
873 3622 1153 3735 organorum
1186 3594 1415 3699 strudlura
1452 3592 1775 3723 destununtur‚

534 3790 730 3893 eamque
749 3758 811 3856 ob
831 3754 1005 3858 caulam
1017 3754 1079 3859 'ab
1098 3789 1316 3859 nasseto
1338 3752 1615 3890 proposrtam
1636 3764 1779 3866 irrita·

478 3958 487 3972 ·
533 3918 717 4022 bilitatis
746 3912 1064 4017 definitionem
1090 3946 1188 4017 non
1212 3950 1306 4015 uno
1330 3914 1538 4014 laborare
1562 3919 1702 4041 vitiu,
1727 3921 1778 4019 li-

531 4110 611 4188 cet
637 4076 717 4184 vel
745 4109 916 4216 magno
952 4082 1373 4215 experimentorum
1401 4106 1621 4209 apparatu
1653 4074 1777 4181 hanc

1094 4229 1226 4369 Β3
1533 4293 1536 4301 ·
1683 4244 1777 4335 vir.
