5250 6100
713 860 981 939 cenaret
1028 857 1253 928 vaorrrt
1288 807 1578 930 ‘ouante‘v
1714 848 1748 954 9

507 1097 614 1240 dem
625 1087 683 1197 er
697 1103 900 1236 generali
918 1097 1168 1240 corporum
1185 1079 1360 1199 ratione
1377 1131 1475 1199 non
1496 1098 1595 1198 sunt
1616 1087 1753 1223 expli-

507 1259 692 1364 candae.
722 1360 725 1363 ,
745 1251 968 1394 Quamvis
998 1268 1122 1362 enim
1140 1291 1187 1360 et
1204 1259 1303 1360 illae
1326 1233 1639 1400 philosophico
1658 1253 1753 1353 sen·

506 1417 555 1519 su
595 1417 963 1520 mechanicarum
978 1425 1162 1558 §virium
1195 1425 1388 1520 nomine
1429 1418 1749 1553 insigniuntur,

508 1577 636 1713 quod
649 1579 824 1714 absque
847 1608 977 1683 motu
1001 1579 1121 1678 nulla
1142 1581 1189 1677 in
1212 1578 1474 1681 universum
1500 1573 1757 1710 producam¹

460 1775 471 1792 ⁸
506 1769 581 1840 tur
612 1739 960 1872 phaenomena,
1007 1769 1162 1870 neque
1203 1739 1321 1837 ullae
1362 1740 1577 1834 eveniant
1613 1715 1775 1832 muta}
1886 1821 1892 1826 .

304 1899 312 1915 ’
430 2019 435 2024 ,
491 1903 682 2010 ,ιίοηεις
716 1923 917 1995 attamen
940 1897 1033 1996 hoe
1058 1901 1118 2023 ὄρ
1145 1898 1374 2032 peculiare
1397 1921 1466 1994 est
1484 1915 1551 1992 ac
1583 1894 1757 2025 praeci·

368 2084 374 2113 ²
507 2089 677 2192 puum,
704 2052 831 2190 quod
857 2052 1054 2190 effecius
1075 2057 1339 2191 proferant,
1360 2087 1418 2154 ex
1433 2043 1756 2154 universalibus

373 2339 381 2354 .
510 2211 759 2350 cdrporum
785 2213 1138 2351 proprietatibus
1176 2247 1276 2312 non
1310 2205 1641 2335 deducendos,
1678 2209 1761 2310 sed

509 2410 570 2476 ex
599 2376 778 2508 speciali
802 2374 1043 2496 duntaxat,
1085 2405 1221 2504 quam
1244 2369 1508 2505 organicam
1536 2367 1756 2495 dicimus,
1882 2449 1892 2466 .

510 2532 842 2667 compofitione
863 2563 915 2648 re
938 2563 1049 2668 uera
1078 2525 1410 2662 dijudicandos.

577 2691 792 2790 Audiant
810 2690 924 2792 haec
950 2718 1088 2820 atque
1121 2683 1508 2813 animadvertant,
1546 2695 1625 2824 qui
1659 2725 1760 2794 cor·-

511 2885 626 2988 pora
653 2854 867 2988 organica
903 2882 1019 2949 cunru
1039 2846 1313 2980 hydraulicis
1352 2849 1506 2949 aliisve
1533 2849 1767 2990 machinis¹
1853 2861 1858 2866 ’
1953 2967 1958 2976 ,
2141 2859 2145 2866 ’

513 3044 779 3144 comparare
813 3011 984 3115 soleant
1012 3011 1184 3147 {ibique
1216 3010 1523 3146 gratulentur,
1570 3041 1759 3113 onmem

513 3199 627 3267 vero
649 3173 977 3296 cogitationem
998 3196 1052 3261 ac
1071 3154 1321 3259 menterno
1345 3172 1391 3261 vi
1416 3170 1537 3263 vitali
1555 3196 1762 3300 avertem

396 3344 401 3357 “
515 3358 584 3427 tes
609 3354 712 3421 eam
750 3323 929 3457 prorsus
970 3320 1210 3457 negligant
1248 3351 1385 3455 atque
1430 3322 1729 3424 contemnant
1739 3316 1758 3440 '3
1905 3408 1915 3433 χ
2040 3302 2042 3311 ’

432 3544 436 3549 ‚
518 3516 715 3619 quorum
755 3478 1084 3582 sententiamsr
1121 3479 1342 3614 sequaris,
1366 3470 1472 3577 'fine
1498 3482 1589 3581 ullo
1617 3512 1760 3621 nego·
1894 3528 1898 3545 ·

460 3724 467 3735 .
517 3648 585 3743 tio
612 3674 669 3741 ex
693 3648 848 3775 quavis
877 3646 1062 3743 materia
1095 3634 1263 3739 affabre
1290 3636 1448 3741 fidiam
1476 3638 1730 3741 machinam
1743 3718 1759 3765 ,

387 3836 391 3847 ·
518 3808 629 3903 vivo
656 3806 839 3934 corpori
873 3804 1174 3935 proportione
1200 3832 1253 3899 ac
1285 3796 1572 3899 similitudine
1598 3832 1762 3933 aequa.

516 3966 612 4065 lem
652 3992 700 4059 et
737 3991 896 4093 parem
928 3958 1190 4057 confeceris.
1259 3956 1433 4092 Neque
1464 3958 1553 4057 hoc
1589 3958 1694 4059 loco
1735 3996 1762 4063 a

520 4155 598 4225 me
626 4129 871 4258 impetrare
906 4115 1111 4253 possum,
1158 4147 1210 4215 ut
1240 4115 1539 4248 dissimulem,
1577 4154 1656 4221 eos
1684 4127 1764 4221 mi·
1852 4156 1857 4169 ·

1125 4274 1173 4381 B
1676 4310 1761 4379 nus
1816 4341 1822 4351 -
