5250 6100
857 813 923 912 14
989 777 994 784 ’
1053 809 1318 889 nanuum
1360 813 1593 894 tunam
1635 813 1890 894 nnuma..

850 1062 1066 1159 virtutem
1091 1059 1141 1154 in
1165 1051 1269 1154 folin
1298 1053 1605 1156 musculorum
1635 1051 1760 1156 stlatis
1787 1049 1882 1156 east
1908 1050 2095 1156 collaca-

850 1253 942 1318 tam
966 1212 1149 1318 abunde
1173 1215 1272 1358 satir
1298 1214 1344 1316 fe
1375 1213 1624 1320 confecisse
1644 1221 1696 1318 in
1723 1219 1927 1318 animun
1963 1209 2094 1316 indu·
2253 1285 2257 1296 ·

848 1412 977 1480 xern.

915 1539 1268 1674 Praepnsteram
1299 1535 1500 1673 denique
1533 1571 1585 1638 ac
1621 1538 1881 1671 perversam
1920 1525 2096 1638 mainci-

848 1698 988 1800 nandi
1020 1696 1281 1834 agendique
1306 1701 1566 1820 rationem,
1603 1731 1693 1832 qua
1719 1699 1931 1834 nonnulli
1968 1731 2094 1808 uetur

848 1893 945 1960 ram
970 1892 1070 1958 nnn
1102 1853 1186 1956 sciit
1220 1889 1270 1960 at
1300 1863 1466 1959 nostris
1494 1853 1699 1960 vinciam
1734 1857 2094 1994 adstrlfiamque

832 2022 943 2119 ‘esse
972 2012 1168 2152 cupiunt
1196 2016 1377 2154 legibus
1402 2094 1418 2142 ,
1452 1996 1634 2122 missam
1657 2023 1877 2122 facientes
1901 2096 1915 2142 ,
1938 2005 2091 2154 ipsos,

849 2187 963 2288 quos
999 2185 1192 2287 corpora
1219 2161 1436 2294 organica
1469 2152 1724 2298 praestant,
1760 2149 1955 2280 effecius
1984 2188 2096 2255 con·

845 2311 1127 2431 fideremus,
1176 2303 1299 2434 illas,
1349 2309 1606 2442 dequibus
1641 2311 1745 2416 heic
1788 2320 1964 2447 agitur,
2011 2312 2093 2414 nisa
2150 2417 2154 2420 ,

848 2477 1002 2575 omnia
1027 2500 1103 2575 me
1122 2465 1304 2590 fallam,
1330 2471 1471 2572 vitam
1491 2465 1746 2572 efficientes
1769 2469 2093 2606 ferventesque

800 2693 804 2700 -
845 2631 1078 2734 facultates
1109 2623 1541 2763 ubiquedeteelnti
1579 2661 1714 2765 acque
1747 2639 1912 2741 nostris
1938 2635 2091 2735 uculir

843 2821 1062 2894 nanuum.

911 3109 965 3213 Si
997 3109 1058 3211 ad
1084 3143 1173 3230 ea,·
1199 3112 1365 3241 quibus
1400 3110 1604 3242 benigna
1633 3109 1834 3227 Nauna
1852 3118 2094 3243 organico·

845 3302 948 3373 rum
972 3299 1220 3399 corporum
1243 3268 1475 3401 prospexit
1505 3254 1866 3392 conservationi,
1902 3304 2094 3379 munera

847 3426 1094 3560 diligenter
1120 3424 1442 3549 attendamus,
1486 3433 1745 3563 principem
1778 3418 1901 3535 iniis
1928 3464 2090 3539 tenere

702 3718 718 3729 Β
845 3586 1001 3692 locum
1025 3585 1252 3689 sentiendi
1275 3585 1535 3693 facultatem
1556 3592 1631 3691 vel
1655 3593 1805 3722 primo
1832 3591 1997 3701 obtutu
2017 3634 2092 3705 cu·

846 3751 1154 3881 gnoscimus,
1198 3778 1317 3884 quae
1369 3778 1460 3853 taur
1499 3750 1548 3853 in
1596 3751 1892 3877 animalibus,
1950 3790 2089 3893 quarn

846 3906 1180 4041 vegetabilibus
1215 3909 1334 4012 aden
1364 3913 1603 4015 manifesta
1638 3943 1707 4015 est
1749 3944 1896 4051 atque·
1914 3918 2088 4051 conspi-

844 4096 959 4192 cua,
992 4098 1043 4169 ut
1060 4068 1172 4172 illius
1205 4100 1329 4173 certa
1361 4104 1414 4175 ac
1448 4104 1543 4179 ruta
1564 4072 1887 4183 'venerabundi
1915 4080 2090 4179 intuea-

1983 4270 2085 4351 mur
