5250 6100
603 919 620 950 „
747 859 1018 934 ⁴osanam
1069 859 1291 931 vuottrt
1344 845 1640 948 numos
1726 845 1793 954 17

536 1096 734 1230 impedit
757 1095 1089 1238 exquisitissima
1110 1097 1214 1224 illa,
1251 1135 1367 1239 quae
1406 1117 1674 1212 live-rumice
1706 1129 1788 1197 no·

535 1262 663 1358 mine
701 1258 969 1394 insignimr,
996 1295 1276 1397 organorum
1323 1261 1606 1381 senfibilitas‚
1650 1291 1822 1392 quam,

536 1419 586 1518 in
603 1423 704 1520 viro
721 1411 987 1544 gravissimo
1014 1451 1150 1554 atque
1171 1415 1496 1554 speetatisfimo
1517 1451 1609 1518 tam
1632 1451 1787 1520 acrem

535 1608 584 1678 et
608 1579 962 1704 vehementem,
998 1613 1105 1681 ante
1138 1611 1332 1716 quatuor
1359 1611 1405 1677 et
1431 1575 1566 1714 quod·
1588 1581 1786 1676 excurrit
1820 1683 1825 1698 .

532 1772 705 1864 annos,
743 1738 1017 1842 observandi
1041 1742 1154 1839 mihi
1180 1747 1313 1871 copia
1331 1743 1443 1859 suit,
1471 1768 1521 1834 ut
1557 1739 1783 1866 magnetis

527 1887 790 2001 attresia'tio
831 1899 912 2034 ipsr
946 1930 1095 1998 tantas
1133 1931 1308 1999 crearet
1342 1897 1598 2018 molestias,
1633 1923 1684 1992 ut
1707 1893 1786 1994 vel

529 2054 675 2190 ipsum
699 2054 903 2189 lapidem
922 2055 1194 2158 Heraclium
1214 2089 1353 2155 manu
1372 2055 1564 2156 tenendi
1587 2083 1784 2188 potesta·

529 2246 627 2314 tem
646 2213 728 2316 fibi
747 2223 940 2318 omnino
960 2215 1215 2338 ademtam,
1251 2194 1389 2348 atque
1417 2215 1474 2316 ab
1500 2219 1785 2346 experimen·

397 2356 402 2369 ’
465 2358 468 2362 ’
529 2378 586 2474 tis
604 2375 894 2475 instituendis
920 2374 1001 2473 fibi
1018 2375 1197 2504 prorsus
1222 2373 1547 2474 abstinendum
1560 2375 1660 2474 esse
1672 2447 1687 2494 ,
1706 2409 1782 2508 pa·

526 2533 616 2636 lam
643 2533 851 2669 profiteri
863 2565 1116 2664 cogeretur
1130 2510 1395 2667 t'prohibet
1415 2569 1555 2668 porro
1575 2533 1750 2635 sextum
1762 2611 1780 2660 ,
1843 2609 1849 2614 -

444 2766 449 2774 .
525 2691 657 2826 quod
682 2724 875 2814 vocant,
906 2695 1283 2828 vespertilionum
1305 2727 1532 2830 organum
1556 2695 1789 2820 sensuale,

527 2887 623 2990 quo
651 2859 697 2954 in
725 2853 929 2955 tenebris
941 2889 1054 2956 «non
1077 2854 1221 2956 solum
1247 2887 1551 2992 quaecunque
1574 2852 1655 2954 fibi
1677 2853 1778 2956 offi-

523 3019 650 3113 ciant
685 3012 846 3113 callide
882 3012 1244 3152 subterfugiant,
1281 3025 1639 3141 verumetiam,
1670 3020 1777 3119 lieet

523 3172 765 3273 oculorum
796 3172 876 3267 usu
905 3170 1239 3288 destituantur,
1283 3176 1437 3269 aliisve
1473 3174 1669 3274 sensibus
1707 3210 1780 3277 or·

405 3410 412 3421 .
459 3358 480 3389 ·
523 3328 720 3449 benmr,
758 3322 1090 3449 nihilominus,
1111 3322 1279 3430 cun8ta
1310 3338 1532 3431 evitantes
1569 3334 1776 3439 obstacu-

523 3492 593 3614 la,
630 3486 891 3589 tutisfimam
916 3483 997 3585 fibi
1015 3483 1170 3587 sedern
1197 3489 1398 3625 eligant,
1435 3522 1481 3590 tt
1501 3524 1644 3626 quum
1664 3491 1774 3597 effu·
1872 3508 1887 3523 “

523 3658 654 3786 glum
681 3648 760 3748 fibi
787 3680 964 3783 pateat,
1000 3682 1086 3783 per
1111 3654 1213 3750 ae'ra
1238 3644 1384 3751 libere
1408 3684 1656 3787 vagentur:
1697 3644 1781 3753 de!
1855 3692 1862 3701 ·
1950 3738 1954 3747 .
2055 3736 2058 3743 .
2110 3649 2120 3661 ’

523 3808 729 3911 hortatur
761 3806 963 3942 denique
982 3806 1284 3911 subtilissimus
1309 3812 1564 3945 plantarum
1593 3810 1769 3938 sensus,

523 4004 618 4109 quo
636 3966 810 4069 radices
830 3965 1000 4101 saepius
1015 3968 1115 4101 plus
1131 3974 1315 4099 triginta
1332 3970 1479 4104 passus
1496 3976 1768 4105 prorepsrsse

519 4120 763 4267 leguntur,
789 4160 842 4231 ut
856 4126 1128 4277 salutiferum
1153 4128 1235 4229 srbi
1252 4140 1471 4269 quaerant
1487 4134 1770 4240 alimentum,

1134 4288 1180 4391 C
1675 4298 1765 4396 At·
