5250 6100
840 772 913 869 *24
1046 764 1317 842 creantur
1364 765 1595 872 vnourrr
1643 727 1881 842 οιιιτισ.

839 1013 1045 1112 versem
1072 1015 1200 1109 omni
1223 1043 1421 1142 corpore
1447 1013 1666 1150 organico
1695 997 1979 1107 obseruanda
2021 1031 2089 1100 est

844 1204 981 1308 atque
1009 1169 1376 1303 contemplanda
2216 1294 2222 1306 ⁸

910 1333 1169 1450 Animum,
1199 1331 1396 1474 qqaes0,
1435 1329 1659 1432 advertite
1684 1324 1742 1429 ad
1773 1326 2006 1465 Polypum
2044 1349 2092 1421 et

836 1491 1041 1631 plantam
1084 1489 1372 1606 sentitivam;
1431 1493 1695 1640 animalculi
1742 1491 1857 1590 illius
1910 1485 2124 1587 consue-2

837 1651 1051 1750 tudinem
1103 1648 1365 1784 agendique
1414 1658 1639 1782 rationem
1688 1683 1792 1750 cum
1832 1651 2091 1752 Dionaeae

839 1809 1137 1946 Illiscipuloe
1176 1808 1359 1909 aslrduis
1408 1806 1668 1910 afflonibus
1705 1843 2002 1944 comparate,
2045 1835 2092 1904 et

834 1965 1061 2085 ,summam
1081 1975 1201 2068 inter
1226 1998 1440 2102 utrasque
1463 1975 1838 2070 convenientiam
1869 1971 1989 2070 illico
2013 1965 2091 2068 dc·

830 2129 1149 2264 prehendetis.
1201 2130 1432 2230 Dionaea
1471 2136 1595 2228 enim
1625 2129 1907 2262 Murcipulo
1940 2129 2091 2228 multis

765 2397 775 2412 ⁸
832 2283 1062 2388 instruent
1081 2320 1219 2420 atque
1244 2319 1403 2384 ornata
1424 2319 1493 2384 est
1511 2288 1629 2385 foliis
1643 2362 1657 2407 ,
1696 2287 1753 2382 ad
1790 2323 1966 2416 partem
1990 2324 2092 2387 cau·

835 2448 889 2566 lis
914 2443 1206 2574 inferiorern,
1237 2441 1475 2546 radiorum
1498 2443 1661 2566 instar,
1695 2441 1923 2578 dispersrs,
1954 2479 2090 2580 atque
2124 2427 2129 2442 ’
2240 2437 2247 2452 ’

837 2603 1267 2731 succulentioribus,
1304 2642 1502 2742 quorum
1528 2607 1692 2744 margo
1721 2639 1773 2706 ac
1802 2642 1904 2744 part
1938 2607 2091 2710 media
2172 2674 2190 2694 »

836 2767 1000 2894 multas
1028 2772 1267 2904 progignit
1286 2766 1465 2904 spinas,
1503 2801 1618 2900 quae
1640 2763 1698 2866 ad
1722 2770 1767 2870 se
1794 2739 1992 2874 invicem
2013 2808 2091 2908 ap·

837 2926 1185 3059 propinquant,
1223 2926 1403 3024 limnlac
1428 2929 1525 3026 folii
1562 2927 1819 3061 superficies
1845 2939 2091 3067 attinganu

830 3116 885 3227 ct
924 3115 982 3180 eo
1022 3081 1118 3215 ipso
1161 3078 1483 3181 exffimuletur.
1533 3078 1703 3233 ’Hujus
1750 3118 1900 3187 autem
1937 3090 2089 3229 super-

834 3234 958 3384 ficiei
979 3248 1093 3375 parti
1112 3247 1316 3341 interiori
1343 3243 1562 3375 plurimae
1586 3244 1827 3347 inhaerent
1865 3251 1991 3352 rubri
2013 3291 2089 3359 co·

836 3404 944 3503 loris
972 3397 1240 3535 glandulae,
1279 3433 1396 3537 quae
1427 3404 1681 3537 liquorem,
1718 3412 1882 3503 muscis
1911 3408 2088 3517 deama-

827 3544 969 3687 turn,
1009 3558 1398 3697 eomplel³tuntut
1446 3562 1605 3707 Quum
1624 3594 1738 3661 vero
1766 3565 1873 3664 illud
1907 3580 2088 3677 animal·

839 3728 1040 3823 culum
1027 3758 1104 3825 ur
1121 3756 1177 3822 eo
1208 3754 1312 3839 est,
1360 3754 1411 3821 ut
1445 3722 1568 3823 hunc
1593 3724 1840 3871 humorem
1870 3734 2082 3871 exsugat,

835 3880 1049 4019 adeoque
1067 3878 1239 3985 dietam
1261 3880 1544 4020 superficiem
1565 3890 1769 4021 arripiat,
1789 3890 1934 3991 statim
1954 3928 2082 4035 motu

686 4164 693 4173 ι
838 4040 1079 4169 celerrimo
1106 4046 1320 4150 foliorum
1348 4044 1602 4184 margines,
1628 4046 1685 4149 ¹ad
1705 4050 1783 4151 se
1770 4058 1969 4151 lnvicem
1986 4086 2085 4157 ver·

1968 4248 2082 4351 gen·
