5250 6100
728 847 1005 959 ortator
1050 849 1275 924 vautra
1320 843 1560 922 :ouum
1738 851 1775 952 ,3

516 1121 680 1196 uuam
695 1092 744 1189 in
760 1119 861 1189 tota
883 1120 1041 1188 natura
1067 1085 1430 1232 destruclionetp
1460 1119 1631 1189 novam
1663 1089 1783 1186 exci-

520 1285 639 1390 pere
673 1279 720 1349 et
753 1255 962 1348 comitari
1003 1282 1157 1350 rerum
1197 1252 1569 1382 procreationem
1603 1239 1668 1344 ac¹
1692 1238 1783 1344 for·

521 1447 675 1535 mam,
695 1410 867 1544 ubique
883 1414 1109 1544 variisque
1133 1404 1282 1532 modis
1310 1404 1622 1546 cognoscendi
1646 1437 1780 1541 atque
1881 1395 1883 1399 ⁸
1945 1431 1950 1442 ’

519 1569 800 1676 observandi
818 1547 1008 1705 copiam·
1033 1566 1115 1668 fibi
1144 1562 1295 1666 datam
1308 1643 1327 1692 ,
1354 1570 1430 1668 vel
1451 1576 1605 1706 primo
1630 1564 1784 1700 adspe-

520 1769 605 1838 ctu
631 1734 793 1835 lubens
825 1764 1060 1867 agnoscet.
1630 1837 1634 1848 ,

597 1897 758 2031 Quum
783 1885 942 1992 autem
962 1897 1008 1993 in
1034 1896 1163 1994 omni
1194 1926 1346 1994 rerum
1377 1891 1645 1994 naturalium
1664 1881 1784 1987 'cotr-

522 2057 703 2158 ditione
721 2060 745 2175 ,⁴
774 2085 900 2186 quae
923 2053 1000 2151 vel
1025 2053 1171 2151 oculis
1204 2052 1279 2151 vel
1310 2049 1490 2151 auribus
1521 2053 1784 2186 percipiun-

524 2252 629 2341 tut,
666 2208 862 2314 eandem
878 2210 1058 2345 semper
1085 2207 1442 2311 vicissitudinem
1463 2216 1785 2310 mutationem

475 2483 479 2490 ,
523 2410 622 2515 que
649 2375 862 2496 renovati
894 2400 1034 2502 atque
1054 2368 1286 2467 instaurari
1299 2361 1512 2492 constet,
1532 2368 1665 2490 laelle
1689 2343 1805 2470 cui·¹

530 2571 669 2673 quam
699 2536 898 2664 injicitur
929 2529 1147 2662 cogitatio
1179 2523 1789 2664 investigandiquecupidi·

424 2791 428 2798 .
526 2732 624 2820 tas,
659 2689 891 2794 undenam
919 2685 1159 2787 „cttisfima
1178 2685 1250 2785 illa
1276 2715 1413 2821 atque
1434 2687 1784 2824 accuratissima,

527 2887 669 2994 quam
700 2858 749 2952 in
780 2883 934 2952 rerum
964 2852 1171 2949 omnium
1205 2829 1534 2973 conversione,
1568 2881 1699 2952 motu
1729 2872 1789 2964 ait·
1858 2869 1861 2874 ’

527 3050 641 3153 que.
668 3017 917 3150 agitatione
951 3040 1198 3144 tantopere
1237 3005 1513 3122 admiramur
1541 3074 1584 3133 ,ι
1614 3009 1788 3147 agendi

482 3295 488 3306 ¹
530 3208 723 3296 norma,
758 3155 902 3309 lexet
929 3161 1221 3299 praescriptio
1247 3160 1575 3297 proficiscatur.
1624 3173 1799 3303 Quem.

526 3332 723 3473 quidem
742 3324 947 3447 nodum,
974 3327 1180 3459 quamvis
1203 3319 1544 3478 difficillimum,
1567 3331 1788 3469 expedire
1836 3440 1845 3445 ,

460 3552 470 3563 ·
533 3499 657 3636 foret
690 3496 739 3592 in
771 3486 991 3625 proclivi,
1027 3481 1257 3619 fiptimas
1290 3482 1607 3631 simplicesque
1635 3528 1788 3597 rerum

532 3648 911 3787 causos,'·'quibus
938 3648 1092 3749 o'mnia
1118 3650 1311 3771 omnino
1343 3682 1540 3786 corpora
1567 3655 1688 3757 suam
1712 3652 1791 3755 de·

534 3815 679 3922 beant
693 3814 955 3944 originem,
993 3806 1186 3910 eruendi
1208 3808 1472 3911 facultatem
1501 3848 1660 3914 natura
1685 3816 1792 3949 fuisf

537 3976 604 4078 set
624 3974 782 4107 largita
790 4008 804 4086 ;
840 4002 886 4069 at
904 4000 1044 4092 vero,
1079 3998 1224 4106 quum
1250 3972 1465 4073 mortales
1487 3970 1605 4075 hanc
1628 3982 1677 4077 in
1702 3986 1807 4123 pri·

503 4202 510 4211 ·
536 4137 784 4271 migrauit,
820 4126 1025 4261 undeet
1059 4130 1140 4266 ipst
1161 4161 1218 4229 et
1250 4132 1451 4269 reliqua,
1489 4168 1607 4273 quae
1648 4144 1788 4240 oculis

1108 4290 1161 4393 A
1199 4325 1228 4393 α
1661 4332 1802 4401 ωεη-«
