5250 6100
841 787 930 900 ‚16
1030 806 1331 935 'salarum
1380 809 1609 884 vuorrrt
1650 755 1925 926 ὀιιΑτιοεΙ
1967 879 1970 886 ,

611 1029 633 1141 .'
740 1033 744 1039 ’
860 1055 1050 1190 poribus
1077 1061 1303 1189 organicis
1333 1085 1400 1154 est
1431 1058 1639 1188 proptia,
1691 1053 1947 1186 quinimmo
1984 1051 2103 1150 hanc
2237 1088 2240 1096 ¹

860 1211 1128 1316 indefessis
1157 1215 1427 1349 divulsisque
1462 1213 1720 1312 animalium
1754 1209 1955 1343 partibus
1987 1243 2105 1310 non-

860 1410 1093 1516 nunquam
1117 1370 1393 1511 'aliquamdiu
1416 1402 1605 1471 cernere
1633 1371 1740 1470 licet
1768 1369 2068 1502 superstitem.

873 1613 876 1620 -
927 1538 1004 1638 Ex
1032 1536 1119 1634 hac
1148 1537 1437 1668 praesertim,
1459 1533 1645 1632 stimulis
1681 1529 1987 1666 percipiendis
2009 1528 2105 1629 ido·
2213 1601 2216 1611 -

858 1729 971 1816 nea,
1001 1725 1229 1826 potestate
1244 1726 1407 1790 omnes
1435 1695 1532 1792 illos
1553 1725 1703 1795 motus
1720 1767 1735 1813 ,
1770 1693 1935 1825 quibus
1967 1689 2105 1790 flores
2181 1817 2192 1830 ,

733 1947 736 1956 .
858 1858 1028 1990 integri
1062 1883 1282 1949 eorumve
1309 1849 1500 1952 stamina
1523 1835 1710 1984 genitali
1738 1882 1914 1983 organo
1952 1853 2108 1950 faemi-

856 2045 951 2112 neo
977 2045 1130 2110 auram
1156 2006 1431 2110 saecundam
1451 2017 1740 2112 committere
1766 2015 1996 2136 nituntur,
2029 2041 2106 2108 ex-

763 2272 768 2277 .
855 2169 1093 2306 plicandos
1125 2171 1221 2268 esse
1248 2171 1614 2268 existimaverim
1666 2167 1940 2268 Verosrmile
1979 2176 2136 2268 enim·

808 2313 819 2331 ’
857 2363 954 2451 est,
991 2361 1076 2448 e0,
1110 2359 1204 2456 quq
1255 2333 1566 2470 praegnantis
1594 2324 1849 2423 redduntur
1894 2359 2105 2457 tempore

854 2488 1044 2623 pistiua,
1073 2483 1376 2621 tenuissunam
1400 2519 1484 2620 per
1504 2489 1605 2586 aeia
1625 2480 1821 2584 diffundi
1839 2493 2104 2616 materiem,

858 2683 975 2784 quae
996 2644 1196 2784 organis
1236 2649 1494 2748 masculinis
1524 2677 1595 2745 est
1633 2646 1738 2746 loco
1779 2645 1979 2769 stimuli,
2010 2682 2103 2783 quo

856 2839 1106 2939 percepto,
1141 2802 1266 2904 haud
1296 2806 1589 2929 dissimiliter,
1621 2837 1758 2924 atque
1791 2803 1850 2906 ad
1877 2809 2028 2909 lucem
2061 2810 2106 2910 se

857 2964 1074 3070 inclinare
1103 2996 1151 3064 et
1172 2997 1445 3068 convertere
1471 2940 1653 3101 plantae
1678 2965 1875 3083 soleant,
1912 3002 2021 3067 mox
2048 2969 2106 3067 ad

856 3130 975 3227 illam
996 3124 1204 3221 feruntur
1224 3154 1278 3219 ae
1298 3152 1638 3253 promoventur
1658 3117 1813 3220 sedem
1823 3195 1839 3242 ,
1859 3124 1984 3225 unde
2002 3165 2105 3267 gra.

724 3354 731 3361 -
845 3319 950 3389 tam
969 3280 1312 3415 jucundamque
1336 3280 1503 3379 stimuli
1530 3287 1625 3378 vim
1652 3296 1789 3415 atque
1808 3288 2104 3419 agitationem

856 3448 1164 3576 perceperint.

922 3603 1005 3704 Ne
1032 3635 1173 3725 vero,
1210 3635 1349 3738 quem
1371 3600 1474 3699 heic
1503 3595 1784 3733 spedlamus,
1822 3634 2100 3742 organorum
2224 3718 2232 3727 ,

856 3768 1005 3868 sensus
1031 3764 1250 3885 adscitus,
1286 3760 1517 3901 fissusque
1548 3760 1782 3883 videatur,
1820 3760 1971 3901 primo
2016 3770 2145 3893 dis-⁸

857 3926 1010 4025 suadet
1033 3923 1309 4029 subtilissima
1338 3920 1561 4051 sentiendi
1590 3922 1801 4048 facultas,
1840 3964 1975 4064 quam
2002 3966 2100 4033 non
2166 4010 2173 4024 .

855 4116 957 4184 raro
985 4082 1222 4186 morbosae
1241 4080 1460 4186 inducere
1480 4084 1624 4184 solent
1650 4080 1921 4188 affedliones
1935 4127 1950 4202 3
1988 4086 2097 4191 dein

2018 4257 2099 4351 im·
